
@article{abrahams_advances_2008,
	title = {Advances in autism genetics: on the threshold of a new neurobiology},
	volume = {9},
	issn = {1471-0056},
	shorttitle = {Advances in autism genetics},
	url = {https://www.ncbi.nlm.nih.gov/pmc/articles/PMC2756414/},
	doi = {10.1038/nrg2346},
	number = {5},
	urldate = {2019-02-12},
	journal = {Nature reviews. Genetics},
	author = {Abrahams, Brett S. and Geschwind, Daniel H.},
	month = may,
	year = {2008},
	pmid = {18414403},
	pmcid = {PMC2756414},
	pages = {341--355}
}

@book{american_diagnostic_1980,
  title = {Diagnostic and statistical manual of mental disorders (DSM–III)},
  author = {American Psychiatric Association APA},
  year = {1980},
  edition = {3rd},
  publisher = {American Psychiatric Publishing}
}

@article{amiri_transcriptome_2018,
	title = {Transcriptome and epigenome landscape of human cortical development modeled in organoids},
	volume = {362},
	copyright = {Copyright © 2018 The Authors, some rights reserved; exclusive licensee American Association for the Advancement of Science. No claim to original U.S. Government Works. http://www.sciencemag.org/about/science-licenses-journal-article-reuseThis is an article distributed under the terms of the Science Journals Default License.},
	issn = {0036-8075, 1095-9203},
	url = {http://science.sciencemag.org/content/362/6420/eaat6720},
	doi = {10.1126/science.aat6720},
	language = {en},
	number = {6420},
	urldate = {2019-01-16},
	journal = {Science},
	author = {Amiri, Anahita and Coppola, Gianfilippo and Scuderi, Soraya and Wu, Feinan and Roychowdhury, Tanmoy and Liu, Fuchen and Pochareddy, Sirisha and Shin, Yurae and Safi, Alexias and Song, Lingyun and Zhu, Ying and Sousa, André M. M. and Consortium†, The PsychENCODE and Gerstein, Mark and Crawford, Gregory E. and Sestan, Nenad and Abyzov, Alexej and Vaccarino, Flora M.},
	month = dec,
	year = {2018},
	pmid = {30545853},
	pages = {eaat6720}
}

@article{anney_genome-wide_2010,
	title = {A genome-wide scan for common alleles affecting risk for autism},
	volume = {19},
	issn = {0964-6906},
	url = {https://academic.oup.com/hmg/article/19/20/4072/645126},
	doi = {10.1093/hmg/ddq307},
	language = {en},
	number = {20},
	urldate = {2019-02-15},
	author = {Anney, Richard and Klei, Lambertus and Pinto, Dalila and Regan, Regina and Conroy, Judith and Magalhaes, Tiago R. and Correia, Catarina and Abrahams, Brett S. and Sykes, Nuala and Pagnamenta, Alistair T. and Almeida, Joana and Bacchelli, Elena and Bailey, Anthony J. and Baird, Gillian and Battaglia, Agatino and Berney, Tom and Bolshakova, Nadia and Bölte, Sven and Bolton, Patrick F. and Bourgeron, Thomas and Brennan, Sean and Brian, Jessica and Carson, Andrew R. and Casallo, Guillermo and Casey, Jillian and Chu, Su H. and Cochrane, Lynne and Corsello, Christina and Crawford, Emily L. and Crossett, Andrew and Dawson, Geraldine and de Jonge, Maretha and Delorme, Richard and Drmic, Irene and Duketis, Eftichia and Duque, Frederico and Estes, Annette and Farrar, Penny and Fernandez, Bridget A. and Folstein, Susan E. and Fombonne, Eric and Freitag, Christine M. and Gilbert, John and Gillberg, Christopher and Glessner, Joseph T. and Goldberg, Jeremy and Green, Jonathan and Guter, Stephen J. and Hakonarson, Hakon and Heron, Elizabeth A. and Hill, Matthew and Holt, Richard and Howe, Jennifer L. and Hughes, Gillian and Hus, Vanessa and Igliozzi, Roberta and Kim, Cecilia and Klauck, Sabine M. and Kolevzon, Alexander and Korvatska, Olena and Kustanovich, Vlad and Lajonchere, Clara M. and Lamb, Janine A. and Laskawiec, Magdalena and Leboyer, Marion and Le Couteur, Ann and Leventhal, Bennett L. and Lionel, Anath C. and Liu, Xiao-Qing and Lord, Catherine and Lotspeich, Linda and Lund, Sabata C. and Maestrini, Elena and Mahoney, William and Mantoulan, Carine and Marshall, Christian R. and McConachie, Helen and McDougle, Christopher J. and McGrath, Jane and McMahon, William M. and Melhem, Nadine M. and Merikangas, Alison and Migita, Ohsuke and Minshew, Nancy J. and Mirza, Ghazala K. and Munson, Jeff and Nelson, Stanley F. and Noakes, Carolyn and Noor, Abdul and Nygren, Gudrun and Oliveira, Guiomar and Papanikolaou, Katerina and Parr, Jeremy R. and Parrini, Barbara and Paton, Tara and Pickles, Andrew and Piven, Joseph and Posey, David J. and Poustka, Annemarie and Poustka, Fritz and Prasad, Aparna and Ragoussis, Jiannis and Renshaw, Katy and Rickaby, Jessica and Roberts, Wendy and Roeder, Kathryn and Roge, Bernadette and Rutter, Michael L. and Bierut, Laura J. and Rice, John P. and Salt, Jeff and Sansom, Katherine and Sato, Daisuke and Segurado, Ricardo and Senman, Lili and Shah, Naisha and Sheffield, Val C. and Soorya, Latha and Sousa, Inês and Stoppioni, Vera and Strawbridge, Christina and Tancredi, Raffaella and Tansey, Katherine and Thiruvahindrapduram, Bhooma and Thompson, Ann P. and Thomson, Susanne and Tryfon, Ana and Tsiantis, John and Van Engeland, Herman and Vincent, John B. and Volkmar, Fred and Wallace, Simon and Wang, Kai and Wang, Zhouzhi and Wassink, Thomas H. and Wing, Kirsty and Wittemeyer, Kerstin and Wood, Shawn and Yaspan, Brian L. and Zurawiecki, Danielle and Zwaigenbaum, Lonnie and Betancur, Catalina and Buxbaum, Joseph D. and Cantor, Rita M. and Cook, Edwin H. and Coon, Hilary and Cuccaro, Michael L. and Gallagher, Louise and Geschwind, Daniel H. and Gill, Michael and Haines, Jonathan L. and Miller, Judith and Monaco, Anthony P. and Nurnberger, John I. and Paterson, Andrew D. and Pericak-Vance, Margaret A. and Schellenberg, Gerard D. and Scherer, Stephen W. and Sutcliffe, James S. and Szatmari, Peter and Vicente, Astrid M. and Vieland, Veronica J. and Wijsman, Ellen M. and Devlin, Bernie and Ennis, Sean and Hallmayer, Joachim},
	journal = {Human Molecular Genetics},
	month = oct,
	year = {2010},
	pages = {4072--4082}
}

@article{ansel_variation_2017,
	title = {Variation in {Gene} {Expression} in {Autism} {Spectrum} {Disorders}: {An} {Extensive} {Review} of {Transcriptomic} {Studies}},
	volume = {10},
	issn = {1662-4548},
	shorttitle = {Variation in {Gene} {Expression} in {Autism} {Spectrum} {Disorders}},
	url = {https://www.ncbi.nlm.nih.gov/pmc/articles/PMC5214812/},
	doi = {10.3389/fnins.2016.00601},
	urldate = {2019-01-17},
	journal = {Frontiers in Neuroscience},
	author = {Ansel, Ashley and Rosenzweig, Joshua P. and Zisman, Philip D. and Melamed, Michal and Gesundheit, Benjamin},
	month = jan,
	year = {2017},
	pmid = {28105001},
	pmcid = {PMC5214812}
}

@article{bakken_comprehensive_2016,
	title = {A comprehensive transcriptional map of primate brain development},
	volume = {535},
	copyright = {2016 Nature Publishing Group},
	issn = {1476-4687},
	url = {https://www.nature.com/articles/nature18637},
	doi = {10.1038/nature18637},
	language = {en},
	number = {7612},
	urldate = {2018-12-12},
	journal = {Nature},
	author = {Bakken, Trygve E. and Miller, Jeremy A. and Ding, Song-Lin and Sunkin, Susan M. and Smith, Kimberly A. and Ng, Lydia and Szafer, Aaron and Dalley, Rachel A. and Royall, Joshua J. and Lemon, Tracy and Shapouri, Sheila and Aiona, Kaylynn and Arnold, James and Bennett, Jeffrey L. and Bertagnolli, Darren and Bickley, Kristopher and Boe, Andrew and Brouner, Krissy and Butler, Stephanie and Byrnes, Emi and Caldejon, Shiella and Carey, Anita and Cate, Shelby and Chapin, Mike and Chen, Jefferey and Dee, Nick and Desta, Tsega and Dolbeare, Tim A. and Dotson, Nadia and Ebbert, Amanda and Fulfs, Erich and Gee, Garrett and Gilbert, Terri L. and Goldy, Jeff and Gourley, Lindsey and Gregor, Ben and Gu, Guangyu and Hall, Jon and Haradon, Zeb and Haynor, David R. and Hejazinia, Nika and Hoerder-Suabedissen, Anna and Howard, Robert and Jochim, Jay and Kinnunen, Marty and Kriedberg, Ali and Kuan, Chihchau L. and Lau, Christopher and Lee, Chang-Kyu and Lee, Felix and Luong, Lon and Mastan, Naveed and May, Ryan and Melchor, Jose and Mosqueda, Nerick and Mott, Erika and Ngo, Kiet and Nyhus, Julie and Oldre, Aaron and Olson, Eric and Parente, Jody and Parker, Patrick D. and Parry, Sheana and Pendergraft, Julie and Potekhina, Lydia and Reding, Melissa and Riley, Zackery L. and Roberts, Tyson and Rogers, Brandon and Roll, Kate and Rosen, David and Sandman, David and Sarreal, Melaine and Shapovalova, Nadiya and Shi, Shu and Sjoquist, Nathan and Sodt, Andy J. and Townsend, Robbie and Velasquez, Lissette and Wagley, Udi and Wakeman, Wayne B. and White, Cassandra and Bennett, Crissa and Wu, Jennifer and Young, Rob and Youngstrom, Brian L. and Wohnoutka, Paul and Gibbs, Richard A. and Rogers, Jeffrey and Hohmann, John G. and Hawrylycz, Michael J. and Hevner, Robert F. and Molnár, Zoltán and Phillips, John W. and Dang, Chinh and Jones, Allan R. and Amaral, David G. and Bernard, Amy and Lein, Ed S.},
	month = jul,
	year = {2016},
	pages = {367--375}
}

@article{belgard_transcriptomic_2011,
	title = {A {Transcriptomic} {Atlas} of {Mouse} {Neocortical} {Layers}},
	volume = {71},
	issn = {0896-6273},
	url = {https://www.ncbi.nlm.nih.gov/pmc/articles/PMC3163272/},
	doi = {10.1016/j.neuron.2011.06.039},
	number = {4-26},
	urldate = {2018-12-12},
	journal = {Neuron},
	author = {Belgard, T. Grant and Marques, Ana C. and Oliver, Peter L. and Abaan, Hatice Ozel and Sirey, Tamara M. and Hoerder-Suabedissen, Anna and García-Moreno, Fernando and Molnár, Zoltán and Margulies, Elliott H. and Ponting, Chris P.},
	month = aug,
	year = {2011},
	pmid = {21867878},
	pmcid = {PMC3163272},
	pages = {605--616}
}

@article{bernard_transcriptional_2012,
	title = {Transcriptional {Architecture} of the {Primate} {Neocortex}},
	volume = {73},
	issn = {0896-6273},
	url = {https://www.ncbi.nlm.nih.gov/pmc/articles/PMC3628746/},
	doi = {10.1016/j.neuron.2012.03.002},
	number = {6},
	urldate = {2018-12-12},
	journal = {Neuron},
	author = {Bernard, Amy and Lubbers, Laura S. and Tanis, Keith Q. and Luo, Rui and Podtelezhnikov, Alexei A. and Finney, Eva M. and McWhorter, Mollie M.E. and Serikawa, Kyle and Lemon, Tracy and Morgan, Rebecca and Copeland, Catherine and Smith, Kimberly and Cullen, Vivian and Davis-Turak, Jeremy and Lee, Chang-Kyu and Sunkin, Susan and Loboda, Andrey P. and Levine, David M. and Stone, David J. and Hawrylycz, Michael and Roberts, Christopher J. and Jones, Allan R. and Geschwind, Dan H. and Lein, Ed},
	month = mar,
	year = {2012},
	pmid = {22445337},
	pmcid = {PMC3628746},
	pages = {1083--1099}
}

@article{brueggeman_forecasting_2018,
	title = {Forecasting autism gene discovery with machine learning and genome-scale data},
	copyright = {© 2018, Posted by Cold Spring Harbor Laboratory. This pre-print is available under a Creative Commons License (Attribution 4.0 International), CC BY 4.0, as described at http://creativecommons.org/licenses/by/4.0/},
	url = {https://www.biorxiv.org/content/10.1101/370601v3},
	doi = {10.1101/370601},
	language = {en},
	urldate = {2019-02-05},
	journal = {bioRxiv},
	author = {Brueggeman, Leo and Koomar, Tanner and Michaelson, Jacob},
	month = oct,
	year = {2018},
	pages = {370601}
}

@article{chen_transcription_2018,
	title = {The transcription factor {POU}3F2 regulates a gene coexpression network in brain tissue from patients with psychiatric disorders},
	volume = {10},
	copyright = {Copyright © 2018 The Authors, some rights reserved; exclusive licensee American Association for the Advancement of Science. No claim to original U.S. Government Works. http://www.sciencemag.org/about/science-licenses-journal-article-reuseThis is an article distributed under the terms of the Science Journals Default License.},
	issn = {1946-6234, 1946-6242},
	url = {http://stm.sciencemag.org/content/10/472/eaat8178},
	doi = {10.1126/scitranslmed.aat8178},
	language = {en},
	number = {472},
	urldate = {2019-01-16},
	journal = {Science Translational Medicine},
	author = {Chen, Chao and Meng, Qingtuan and Xia, Yan and Ding, Chaodong and Wang, Le and Dai, Rujia and Cheng, Lijun and Gunaratne, Preethi and Gibbs, Richard A. and Min, Shishi and Coarfa, Cristian and Reid, Jeffrey G. and Zhang, Chunling and Jiao, Chuan and Jiang, Yi and Giase, Gina and Thomas, Amber and Fitzgerald, Dominic and Brunetti, Tonya and Shieh, Annie and Xia, Cuihua and Wang, Yongjun and Wang, Yunpeng and Badner, Judith A. and Gershon, Elliot S. and White, Kevin P. and Liu, Chunyu},
	month = dec,
	year = {2018},
	pmid = {30545964},
	pages = {eaat8178}
}

@article{chien_increased_2013,
	title = {Increased gene expression of {FOXP}1 in patients with autism spectrum disorders},
	volume = {4},
	issn = {2040-2392},
	url = {https://www.ncbi.nlm.nih.gov/pmc/articles/PMC3723673/},
	doi = {10.1186/2040-2392-4-23},
	urldate = {2019-02-13},
	journal = {Molecular Autism},
	author = {Chien, Wei-Hsien and Gau, Susan Shur-Fen and Chen, Chun-Houh and Tsai, Wen-Che and Wu, Yu-Yu and Chen, Po-Hsu and Shang, Chi-Yung and Chen, Chia-Hsiang},
	month = jul,
	year = {2013},
	pmid = {23815876},
	pmcid = {PMC3723673},
	pages = {23}
}

@article{chow_age-dependent_2012,
	title = {Age-{Dependent} {Brain} {Gene} {Expression} and {Copy} {Number} {Anomalies} in {Autism} {Suggest} {Distinct} {Pathological} {Processes} at {Young} {Versus} {Mature} {Ages}},
	volume = {8},
	issn = {1553-7404},
	url = {https://journals.plos.org/plosgenetics/article?id=10.1371/journal.pgen.1002592},
	doi = {10.1371/journal.pgen.1002592},
	language = {en},
	number = {3},
	urldate = {2019-01-18},
	journal = {PLOS Genetics},
	author = {Chow, Maggie L. and Pramparo, Tiziano and Winn, Mary E. and Barnes, Cynthia Carter and Li, Hai-Ri and Weiss, Lauren and Fan, Jian-Bing and Murray, Sarah and April, Craig and Belinson, Haim and Fu, Xiang-Dong and Wynshaw-Boris, Anthony and Schork, Nicholas J. and Courchesne, Eric},
	month = mar,
	year = {2012},
	keywords = {Apoptosis, Autism, Cell cycle and cell division, DNA damage, Developmental signaling, Gene expression, Immune response, Prefrontal cortex},
	pages = {e1002592}
}

@article{christensen_prevalence_2016,
	title = {Prevalence and {Characteristics} of {Autism} {Spectrum} {Disorder} {Among} {Children} {Aged} 8 {Years}--{Autism} and {Developmental} {Disabilities} {Monitoring} {Network}, 11 {Sites}, {United} {States}, 2012},
	volume = {65},
	issn = {1545-8636},
	doi = {10.15585/mmwr.ss6503a1},
	language = {eng},
	number = {3},
	journal = {Morbidity and Mortality Weekly Report. Surveillance Summaries (Washington, D.C.: 2002)},
	author = {Christensen, Deborah L. and Baio, Jon and Van Naarden Braun, Kim and Bilder, Deborah and Charles, Jane and Constantino, John N. and Daniels, Julie and Durkin, Maureen S. and Fitzgerald, Robert T. and Kurzius-Spencer, Margaret and Lee, Li-Ching and Pettygrove, Sydney and Robinson, Cordelia and Schulz, Eldon and Wells, Chris and Wingate, Martha S. and Zahorodny, Walter and Yeargin-Allsopp, Marshalyn and {Centers for Disease Control and Prevention (CDC)}},
	month = apr,
	year = {2016},
	pmid = {27031587},
	keywords = {Autism Spectrum Disorder, Child, Ethnic Groups, Female, Humans, Male, Population Surveillance, Prevalence, Sex Distribution, United States},
	pages = {1--23}
}

@article{colantuoni_temporal_2011,
	title = {Temporal dynamics and genetic control of transcription in the human prefrontal cortex},
	volume = {478},
	copyright = {2011 Nature Publishing Group},
	issn = {1476-4687},
	url = {https://www.nature.com/articles/nature10524},
	doi = {10.1038/nature10524},
	language = {en},
	number = {7370},
	urldate = {2018-12-12},
	journal = {Nature},
	author = {Colantuoni, Carlo and Lipska, Barbara K. and Ye, Tianzhang and Hyde, Thomas M. and Tao, Ran and Leek, Jeffrey T. and Colantuoni, Elizabeth A. and Elkahloun, Abdel G. and Herman, Mary M. and Weinberger, Daniel R. and Kleinman, Joel E.},
	month = oct,
	year = {2011},
	pages = {519--523}
}

@article{fertuzinhos_laminar_2014,
	title = {Laminar and {Temporal} {Expression} {Dynamics} of {Coding} and {Noncoding} {RNAs} in the {Mouse} {Neocortex}},
	volume = {6},
	issn = {2211-1247},
	url = {https://www.ncbi.nlm.nih.gov/pmc/articles/PMC3999901/},
	doi = {10.1016/j.celrep.2014.01.036},
	number = {5},
	urldate = {2018-12-12},
	journal = {Cell reports},
	author = {Fertuzinhos, Sofia and Li, Mingfeng and Kawasawa, Yuka Imamura and Ivic, Vedrana and Franjic, Daniel and Singh, Darshani and Crair, Michael and Šestan, Nenad},
	month = mar,
	year = {2014},
	pmid = {24561256},
	pmcid = {PMC3999901},
	pages = {938--950}
}

@article{gandal_shared_2018,
	title = {Shared molecular neuropathology across major psychiatric disorders parallels polygenic overlap},
	volume = {359},
	issn = {0036-8075},
	url = {https://www.ncbi.nlm.nih.gov/pmc/articles/PMC5898828/},
	doi = {10.1126/science.aad6469},
	number = {6376},
	urldate = {2019-02-07},
	journal = {Science (New York, N.Y.)},
	author = {Gandal, Michael J. and Haney, Jillian R. and Parikshak, Neelroop N. and Leppa, Virpi and Ramaswami, Gokul and Hartl, Chris and Schork, Andrew J. and Appadurai, Vivek and Buil, Alfonso and Werge, Thomas M. and Liu, Chunyu and White, Kevin P. and Horvath, Steve and Geschwind, Daniel H.},
	month = feb,
	year = {2018},
	pmid = {29439242},
	pmcid = {PMC5898828},
	pages = {693--697}
}

@article{gandal_transcriptome-wide_2018,
	title = {Transcriptome-wide isoform-level dysregulation in {ASD}, schizophrenia, and bipolar disorder},
	volume = {362},
	copyright = {Copyright © 2018 The Authors, some rights reserved; exclusive licensee American Association for the Advancement of Science. No claim to original U.S. Government Works. http://www.sciencemag.org/about/science-licenses-journal-article-reuseThis is an article distributed under the terms of the Science Journals Default License.},
	issn = {0036-8075, 1095-9203},
	url = {http://science.sciencemag.org/content/362/6420/eaat8127},
	doi = {10.1126/science.aat8127},
	language = {en},
	number = {6420},
	urldate = {2019-01-16},
	journal = {Science},
	author = {Gandal, Michael J. and Zhang, Pan and Hadjimichael, Evi and Walker, Rebecca L. and Chen, Chao and Liu, Shuang and Won, Hyejung and Bakel, Harm van and Varghese, Merina and Wang, Yongjun and Shieh, Annie W. and Haney, Jillian and Parhami, Sepideh and Belmont, Judson and Kim, Minsoo and Losada, Patricia Moran and Khan, Zenab and Mleczko, Justyna and Xia, Yan and Dai, Rujia and Wang, Daifeng and Yang, Yucheng T. and Xu, Min and Fish, Kenneth and Hof, Patrick R. and Warrell, Jonathan and Fitzgerald, Dominic and White, Kevin and Jaffe, Andrew E. and Consortium, PsychENCODE and Peters, Mette A. and Gerstein, Mark and Liu, Chunyu and Iakoucheva, Lilia M. and Pinto, Dalila and Geschwind, Daniel H.},
	month = dec,
	year = {2018},
	pmid = {30545856},
	pages = {eaat8127}
}

@article{garbett_immune_2008,
	title = {Immune transcriptome alterations in the temporal cortex of subjects with autism},
	volume = {30},
	issn = {0969-9961},
	url = {https://www.ncbi.nlm.nih.gov/pmc/articles/PMC2693090/},
	doi = {10.1016/j.nbd.2008.01.012},
	number = {3},
	urldate = {2019-01-18},
	journal = {Neurobiology of disease},
	author = {Garbett, Krassimira and Ebert, Philip J. and Mitchell, Amanda and Lintas, Carla and Manzi, Barbara and Mirnics, Károly and Persico, Antonio M.},
	month = jun,
	year = {2008},
	pmid = {18378158},
	pmcid = {PMC2693090},
	pages = {303--311}
}

@article{gupta_transcriptome_2014,
	title = {Transcriptome analysis reveals dysregulation of innate immune response genes and neuronal activity-dependent genes in autism},
	volume = {5},
	issn = {2041-1723},
	url = {https://www.ncbi.nlm.nih.gov/pmc/articles/PMC4270294/},
	doi = {10.1038/ncomms6748},
	urldate = {2019-01-18},
	journal = {Nature Communications},
	author = {Gupta, Simone and Ellis, Shannon E. and Ashar, Foram N. and Moes, Anna and Bader, Joel S. and Zhan, Jianan and West, Andrew B. and Arking, Dan E.},
	month = dec,
	year = {2014},
	pmid = {25494366},
	pmcid = {PMC4270294}
}

@article{hameed_selection_2017,
	title = {Selection and classification of gene expression in autism disorder: {Use} of a combination of statistical filters and a {GBPSO}-{SVM} algorithm},
	volume = {12},
	issn = {1932-6203},
	shorttitle = {Selection and classification of gene expression in autism disorder},
	url = {https://journals.plos.org/plosone/article?id=10.1371/journal.pone.0187371},
	doi = {10.1371/journal.pone.0187371},
	language = {en},
	number = {11},
	urldate = {2019-02-05},
	journal = {PLOS ONE},
	author = {Hameed, Shilan S. and Hassan, Rohayanti and Muhammad, Fahmi F.},
	month = nov,
	year = {2017},
	keywords = {Algorithms, Autism, Autism spectrum disorder, Data reduction, Gene expression, Microarrays, Optimization, Support vector machines},
	pages = {e0187371}
}

@article{hawrylycz_anatomically_2012,
	title = {An anatomically comprehensive atlas of the adult human brain transcriptome},
	volume = {489},
	copyright = {2012 Nature Publishing Group},
	issn = {1476-4687},
	url = {https://www.nature.com/articles/nature11405},
	doi = {10.1038/nature11405},
	language = {en},
	number = {7416},
	urldate = {2018-12-12},
	journal = {Nature},
	author = {Hawrylycz, Michael J. and Lein, Ed S. and Guillozet-Bongaarts, Angela L. and Shen, Elaine H. and Ng, Lydia and Miller, Jeremy A. and van de Lagemaat, Louie N. and Smith, Kimberly A. and Ebbert, Amanda and Riley, Zackery L. and Abajian, Chris and Beckmann, Christian F. and Bernard, Amy and Bertagnolli, Darren and Boe, Andrew F. and Cartagena, Preston M. and Chakravarty, M. Mallar and Chapin, Mike and Chong, Jimmy and Dalley, Rachel A. and Daly, Barry David and Dang, Chinh and Datta, Suvro and Dee, Nick and Dolbeare, Tim A. and Faber, Vance and Feng, David and Fowler, David R. and Goldy, Jeff and Gregor, Benjamin W. and Haradon, Zeb and Haynor, David R. and Hohmann, John G. and Horvath, Steve and Howard, Robert E. and Jeromin, Andreas and Jochim, Jayson M. and Kinnunen, Marty and Lau, Christopher and Lazarz, Evan T. and Lee, Changkyu and Lemon, Tracy A. and Li, Ling and Li, Yang and Morris, John A. and Overly, Caroline C. and Parker, Patrick D. and Parry, Sheana E. and Reding, Melissa and Royall, Joshua J. and Schulkin, Jay and Sequeira, Pedro Adolfo and Slaughterbeck, Clifford R. and Smith, Simon C. and Sodt, Andy J. and Sunkin, Susan M. and Swanson, Beryl E. and Vawter, Marquis P. and Williams, Derric and Wohnoutka, Paul and Zielke, H. Ronald and Geschwind, Daniel H. and Hof, Patrick R. and Smith, Stephen M. and Koch, Christof and Grant, Seth G. N. and Jones, Allan R.},
	month = sep,
	year = {2012},
	pages = {391--399}
}

@article{he_comprehensive_2017,
	title = {Comprehensive transcriptome analysis of neocortical layers in humans, chimpanzees and macaques},
	volume = {20},
	copyright = {2017 Nature Publishing Group},
	issn = {1546-1726},
	url = {https://www.nature.com/articles/nn.4548},
	doi = {10.1038/nn.4548},
	language = {en},
	number = {6},
	urldate = {2018-12-12},
	journal = {Nature Neuroscience},
	author = {He, Zhisong and Han, Dingding and Efimova, Olga and Guijarro, Patricia and Yu, Qianhui and Oleksiak, Anna and Jiang, Shasha and Anokhin, Konstantin and Velichkovsky, Boris and Grünewald, Stefan and Khaitovich, Philipp},
	month = jun,
	year = {2017},
	pages = {886--895}
}

@article{hodge_conserved_2018,
	title = {Conserved cell types with divergent features between human and mouse cortex},
	copyright = {© 2018, Posted by Cold Spring Harbor Laboratory. This pre-print is available under a Creative Commons License (Attribution-NonCommercial-NoDerivs 4.0 International), CC BY-NC-ND 4.0, as described at http://creativecommons.org/licenses/by-nc-nd/4.0/},
	url = {https://www.biorxiv.org/content/early/2018/08/05/384826},
	doi = {10.1101/384826},
	language = {en},
	urldate = {2018-12-12},
	journal = {bioRxiv},
	author = {Hodge, Rebecca D. and Bakken, Trygve E. and Miller, Jeremy A. and Smith, Kimberly A. and Barkan, Eliza R. and Graybuck, Lucas T. and Close, Jennie L. and Long, Brian and Penn, Osnat and Yao, Zizhen and Eggermont, Jeroen and Hollt, Thomas and Levi, Boaz P. and Shehata, Soraya I. and Aevermann, Brian and Beller, Allison and Bertagnolli, Darren and Brouner, Krissy and Casper, Tamara and Cobbs, Charles and Dalley, Rachel and Dee, Nick and Ding, Song-Lin and Ellenbogen, Richard G. and Fong, Olivia and Garren, Emma and Goldy, Jeff and Gwinn, Ryder P. and Hirschstein, Daniel and Keene, C. Dirk and Keshk, Mohamed and Ko, Andrew L. and Lathia, Kanan and Mahfouz, Ahmed and Maltzer, Zoe and McGraw, Medea and Nguyen, Thuc Nghi and Nyhus, Julie and Ojemann, Jeffrey G. and Oldre, Aaron and Parry, Sheana and Reynolds, Shannon and Rimorin, Christine and Shapovalova, Nadiya V. and Somasundaram, Saroja and Szafer, Aaron and Thomsen, Elliot R. and Tieu, Michael and Scheuermann, Richard H. and Yuste, Rafael and Sunkin, Susan M. and Lelieveldt, Boudewijn and Feng, David and Ng, Lydia and Bernard, Amy and Hawrylycz, Michael and Phillips, John and Tasic, Bosiljka and Zeng, Hongkui and Jones, Allan R. and Koch, Christof and Lein, Ed S.},
	month = aug,
	year = {2018},
	pages = {384826}
}

@article{hu_gene_2006,
	title = {Gene expression profiling of lymphoblastoid cell lines from monozygotic twins discordant in severity of autism reveals differential regulation of neurologically relevant genes},
	volume = {7},
	issn = {1471-2164},
	url = {https://www.ncbi.nlm.nih.gov/pmc/articles/PMC1525191/},
	doi = {10.1186/1471-2164-7-118},
	urldate = {2019-02-13},
	journal = {BMC Genomics},
	author = {Hu, Valerie W and Frank, Bryan C and Heine, Shannon and Lee, Norman H and Quackenbush, John},
	month = may,
	year = {2006},
	pmid = {16709250},
	pmcid = {PMC1525191},
	pages = {118}
}

@article{johnson_functional_2009,
	title = {Functional and {Evolutionary} {Insights} {Into} {Human} {Brain} {Development} {Through} {Global} {Transcriptome} {Analysis}},
	volume = {62},
	issn = {0896-6273},
	url = {https://www.ncbi.nlm.nih.gov/pmc/articles/PMC2739738/},
	doi = {10.1016/j.neuron.2009.03.027},
	number = {4},
	urldate = {2018-12-12},
	journal = {Neuron},
	author = {Johnson, Matthew B. and Kawasawa, Yuka Imamura and Mason, Christopher E. and Krsnik, Zeljka and Coppola, Giovanni and Bogdanović, Darko and Geschwind, Daniel H. and Mane, Shrikant M. and State, Matthew W. and Šestan, Nenad},
	month = may,
	year = {2009},
	pmid = {19477152},
	pmcid = {PMC2739738},
	pages = {494--509}
}

@article{kang_spatio-temporal_2011,
	title = {Spatio-temporal transcriptome of the human brain},
	volume = {478},
	copyright = {2011 Nature Publishing Group},
	issn = {1476-4687},
	url = {https://www.nature.com/articles/nature10523},
	doi = {10.1038/nature10523},
	language = {en},
	number = {7370},
	urldate = {2018-12-12},
	journal = {Nature},
	author = {Kang, Hyo Jung and Kawasawa, Yuka Imamura and Cheng, Feng and Zhu, Ying and Xu, Xuming and Li, Mingfeng and Sousa, André M. M. and Pletikos, Mihovil and Meyer, Kyle A. and Sedmak, Goran and Guennel, Tobias and Shin, Yurae and Johnson, Matthew B. and Krsnik, Zeljka and Mayer, Simone and Fertuzinhos, Sofia and Umlauf, Sheila and Lisgo, Steven N. and Vortmeyer, Alexander and Weinberger, Daniel R. and Mane, Shrikant and Hyde, Thomas M. and Huttner, Anita and Reimers, Mark and Kleinman, Joel E. and Šestan, Nenad},
	month = oct,
	year = {2011},
	pages = {483--489}
}

@article{kanner_original_1943,
    title = {Autistic disturbances of affective contact},
    journal = {Nervous child},
    author = {Leo Kanner},
    volume = {2},
    year = {1943},
    pages = {217--250}
}

@article{keil_brain_2018,
	title = {Brain transcriptome databases: a user's guide},
	copyright = {Copyright © 2018 the authors},
	issn = {0270-6474, 1529-2401},
	shorttitle = {Brain transcriptome databases},
	url = {http://www.jneurosci.org/content/early/2018/02/07/JNEUROSCI.1930-17.2018},
	doi = {10.1523/JNEUROSCI.1930-17.2018},
	language = {en},
	urldate = {2018-12-12},
	journal = {Journal of Neuroscience},
	author = {Keil, Jason M. and Qalieh, Adel and Kwan, Kenneth Y.},
	month = feb,
	year = {2018},
	pmid = {29437890},
	pages = {1930--17}
}

@article{lee_application_2003,
	author = {Lee, Su-In and Batzoglou, Serafim},
	day = {24},
	doi = {10.1186/gb-2003-4-11-r76},
	issn = {1474-760X},
	journal = {Genome Biology},
	month = {Oct},
	number = {11},
	pages = {R76},
	title = {Application of independent component analysis to microarrays},
	url = {https://doi.org/10.1186/gb-2003-4-11-r76},
	volume = {4},
	year = {2003}
}

@article{li_integrative_2018,
	title = {Integrative functional genomic analysis of human brain development and neuropsychiatric risks},
	volume = {362},
	copyright = {Copyright © 2018 The Authors, some rights reserved; exclusive licensee American Association for the Advancement of Science. No claim to original U.S. Government Works. http://www.sciencemag.org/about/science-licenses-journal-article-reuseThis is an article distributed under the terms of the Science Journals Default License.},
	issn = {0036-8075, 1095-9203},
	url = {http://science.sciencemag.org/content/362/6420/eaat7615},
	doi = {10.1126/science.aat7615},
	language = {en},
	number = {6420},
	urldate = {2019-01-16},
	journal = {Science},
	author = {Li, Mingfeng and Santpere, Gabriel and Kawasawa, Yuka Imamura and Evgrafov, Oleg V. and Gulden, Forrest O. and Pochareddy, Sirisha and Sunkin, Susan M. and Li, Zhen and Shin, Yurae and Zhu, Ying and Sousa, André M. M. and Werling, Donna M. and Kitchen, Robert R. and Kang, Hyo Jung and Pletikos, Mihovil and Choi, Jinmyung and Muchnik, Sydney and Xu, Xuming and Wang, Daifeng and Lorente-Galdos, Belen and Liu, Shuang and Giusti-Rodríguez, Paola and Won, Hyejung and de Leeuw, Christiaan A. and Pardiñas, Antonio F. and Consortium†, BrainSpan and Consortium†, PsychENCODE and Subgroup†, PsychENCODE Developmental and Hu, Ming and Jin, Fulai and Li, Yun and Owen, Michael J. and O’Donovan, Michael C. and Walters, James T. R. and Posthuma, Danielle and Reimers, Mark A. and Levitt, Pat and Weinberger, Daniel R. and Hyde, Thomas M. and Kleinman, Joel E. and Geschwind, Daniel H. and Hawrylycz, Michael J. and State, Matthew W. and Sanders, Stephan J. and Sullivan, Patrick F. and Gerstein, Mark B. and Lein, Ed S. and Knowles, James A. and Sestan, Nenad},
	month = dec,
	year = {2018},
	pmid = {30545854},
	pages = {eaat7615}
}

@article{lin_machine_2018,
	title = {A machine learning approach to predicting autism risk genes: {Validation} of known genes and discovery of new candidates},
	copyright = {© 2018, Posted by Cold Spring Harbor Laboratory. The copyright holder for this pre-print is the author. All rights reserved. The material may not be redistributed, re-used or adapted without the author's permission.},
	shorttitle = {A machine learning approach to predicting autism risk genes},
	url = {https://www.biorxiv.org/content/10.1101/463547v1},
	doi = {10.1101/463547},
	language = {en},
	urldate = {2019-02-05},
	journal = {bioRxiv},
	author = {Lin, Ying and Rajadhyaksha, Anjali and Potash, James and Han, Shizhong},
	month = nov,
	year = {2018},
	pages = {463547}
}

@article{lord_autism_1994,
	title = {Autism {Diagnostic} {Interview}-{Revised}: {A} revised version of a diagnostic interview for caregivers of individuals with possible pervasive developmental disorders},
	volume = {24},
	issn = {1573-3432},
	shorttitle = {Autism {Diagnostic} {Interview}-{Revised}},
	url = {https://doi.org/10.1007/BF02172145},
	doi = {10.1007/BF02172145},
	language = {en},
	number = {5},
	urldate = {2019-02-12},
	journal = {Journal of Autism and Developmental Disorders},
	author = {Lord, Catherine and Rutter, Michael and Le Couteur, Ann},
	month = oct,
	year = {1994},
	keywords = {Developmental Disorder, Diagnostic Interview, Pervasive Developmental Disorder, Preschool Child, School Psychology},
	pages = {659--685}
}

@article{meng_dgcr5_2018,
	title = {The {DGCR}5 long noncoding {RNA} may regulate expression of several schizophrenia-related genes},
	volume = {10},
	copyright = {Copyright © 2018 The Authors, some rights reserved; exclusive licensee American Association for the Advancement of Science. No claim to original U.S. Government Works. http://www.sciencemag.org/about/science-licenses-journal-article-reuseThis is an article distributed under the terms of the Science Journals Default License.},
	issn = {1946-6234, 1946-6242},
	url = {http://stm.sciencemag.org/content/10/472/eaat6912},
	doi = {10.1126/scitranslmed.aat6912},
	language = {en},
	number = {472},
	urldate = {2019-01-16},
	journal = {Science Translational Medicine},
	author = {Meng, Qingtuan and Wang, Kangli and Brunetti, Tonya and Xia, Yan and Jiao, Chuan and Dai, Rujia and Fitzgerald, Dominic and Thomas, Amber and Jay, Lindsey and Eckart, Heather and Grennan, Kay and Imamura-Kawasawa, Yuka and Li, Mingfeng and Sestan, Nenad and White, Kevin P. and Chen, Chao and Liu, Chunyu},
	month = dec,
	year = {2018},
	pmid = {30545965},
	pages = {eaat6912}
}

@article{miller_transcriptional_2014,
	title = {Transcriptional landscape of the prenatal human brain},
	volume = {508},
	copyright = {2014 Nature Publishing Group},
	issn = {1476-4687},
	url = {https://www.nature.com/articles/nature13185},
	doi = {10.1038/nature13185},
	language = {en},
	number = {7495},
	urldate = {2018-12-12},
	journal = {Nature},
	author = {Miller, Jeremy A. and Ding, Song-Lin and Sunkin, Susan M. and Smith, Kimberly A. and Ng, Lydia and Szafer, Aaron and Ebbert, Amanda and Riley, Zackery L. and Royall, Joshua J. and Aiona, Kaylynn and Arnold, James M. and Bennet, Crissa and Bertagnolli, Darren and Brouner, Krissy and Butler, Stephanie and Caldejon, Shiella and Carey, Anita and Cuhaciyan, Christine and Dalley, Rachel A. and Dee, Nick and Dolbeare, Tim A. and Facer, Benjamin A. C. and Feng, David and Fliss, Tim P. and Gee, Garrett and Goldy, Jeff and Gourley, Lindsey and Gregor, Benjamin W. and Gu, Guangyu and Howard, Robert E. and Jochim, Jayson M. and Kuan, Chihchau L. and Lau, Christopher and Lee, Chang-Kyu and Lee, Felix and Lemon, Tracy A. and Lesnar, Phil and McMurray, Bergen and Mastan, Naveed and Mosqueda, Nerick and Naluai-Cecchini, Theresa and Ngo, Nhan-Kiet and Nyhus, Julie and Oldre, Aaron and Olson, Eric and Parente, Jody and Parker, Patrick D. and Parry, Sheana E. and Stevens, Allison and Pletikos, Mihovil and Reding, Melissa and Roll, Kate and Sandman, David and Sarreal, Melaine and Shapouri, Sheila and Shapovalova, Nadiya V. and Shen, Elaine H. and Sjoquist, Nathan and Slaughterbeck, Clifford R. and Smith, Michael and Sodt, Andy J. and Williams, Derric and Zöllei, Lilla and Fischl, Bruce and Gerstein, Mark B. and Geschwind, Daniel H. and Glass, Ian A. and Hawrylycz, Michael J. and Hevner, Robert F. and Huang, Hao and Jones, Allan R. and Knowles, James A. and Levitt, Pat and Phillips, John W. and Šestan, Nenad and Wohnoutka, Paul and Dang, Chinh and Bernard, Amy and Hohmann, John G. and Lein, Ed S.},
	month = apr,
	year = {2014},
	pages = {199--206}
}

@article{morrow_identifying_2008,
	title = {Identifying {Autism} {Loci} and {Genes} by {Tracing} {Recent} {Shared} {Ancestry}},
	volume = {321},
	issn = {0036-8075},
	url = {https://www.ncbi.nlm.nih.gov/pmc/articles/PMC2586171/},
	doi = {10.1126/science.1157657},
	number = {5886},
	urldate = {2019-02-15},
	journal = {Science (New York, N.Y.)},
	author = {Morrow, Eric M. and Yoo, Seung-Yun and Flavell, Steven W. and Kim, Tae-Kyung and Lin, Yingxi and Hill, Robert Sean and Mukaddes, Nahit M. and Balkhy, Soher and Gascon, Generoso and Hashmi, Asif and Al-Saad, Samira and Ware, Janice and Joseph, Robert M. and Greenblatt, Rachel and Gleason, Danielle and Ertelt, Julia A. and Apse, Kira A. and Bodell, Adria and Partlow, Jennifer N. and Barry, Brenda and Yao, Hui and Markianos, Kyriacos and Ferland, Russell J. and Greenberg, Michael E. and Walsh, Christopher A.},
	month = jul,
	year = {2008},
	pmid = {18621663},
	pmcid = {PMC2586171},
	pages = {218--223}
}

@article{nazari_evaluation_2018,
	author = {Nazari, Zahra and Nazari, Masooma and Danish, Mir Sayed Shah and Kang, Dongshik},
	month = {08},
	pages = {},
	journal = {IJCSNS International Journal of Computer Science and Network Security},
	title = {Evaluation of Class Noise Impact on Performance of Machine Learning Algorithms},
	year = {2018}
}

@article{purcell_postmortem_2001,
	title = {Postmortem brain abnormalities of the glutamate neurotransmitter system in autism},
	volume = {57},
	issn = {0028-3878},
	language = {eng},
	number = {9},
	journal = {Neurology},
	author = {Purcell, A. E. and Jeon, O. H. and Zimmerman, A. W. and Blue, M. E. and Pevsner, J.},
	month = nov,
	year = {2001},
	pmid = {11706102},
	keywords = {Adult, Autistic Disorder, Autoradiography, Brain Chemistry, Cerebellum, Child, Child, Preschool, Excitatory Amino Acid Transporter 1, Excitatory Amino Acid Transporter 2, Female, Gene Expression, Glutamic Acid, Humans, Male, Oligonucleotide Array Sequence Analysis, RNA, Messenger, Receptors, AMPA, Receptors, N-Methyl-D-Aspartate, Synaptic Transmission},
	pages = {1618--1628}
}

@article{saelens_comprehensive_2018,
	title = {A comprehensive evaluation of module detection methods for gene expression data},
	volume = {9},
	copyright = {2018 The Author(s)},
	issn = {2041-1723},
	url = {https://www.nature.com/articles/s41467-018-03424-4},
	doi = {10.1038/s41467-018-03424-4},
	language = {En},
	number = {1},
	urldate = {2019-02-05},
	journal = {Nature Communications},
	author = {Saelens, Wouter and Cannoodt, Robrecht and Saeys, Yvan},
	month = mar,
	year = {2018},
	pages = {1090}
}

@article{sebat_strong_2007,
	title = {Strong {Association} of {De} {Novo} {Copy} {Number} {Mutations} with {Autism}},
	volume = {316},
	issn = {0036-8075},
	url = {https://www.ncbi.nlm.nih.gov/pmc/articles/PMC2993504/},
	doi = {10.1126/science.1138659},
	number = {5823},
	urldate = {2019-02-15},
	journal = {Science (New York, N.Y.)},
	author = {Sebat, Jonathan and Lakshmi, B. and Malhotra, Dheeraj and Troge, Jennifer and Lese-Martin, Christa and Walsh, Tom and Yamrom, Boris and Yoon, Seungtai and Krasnitz, Alex and Kendall, Jude and Leotta, Anthony and Pai, Deepa and Zhang, Ray and Lee, Yoon-Ha and Hicks, James and Spence, Sarah J. and Lee, Annette T. and Puura, Kaija and Lehtimäki, Terho and Ledbetter, David and Gregersen, Peter K. and Bregman, Joel and Sutcliffe, James S. and Jobanputra, Vaidehi and Chung, Wendy and Warburton, Dorothy and King, Mary-Claire and Skuse, David and Geschwind, Daniel H. and Gilliam, T. Conrad and Ye, Kenny and Wigler, Michael},
	month = apr,
	year = {2007},
	pmid = {17363630},
	pmcid = {PMC2993504},
	pages = {445--449}
}

@article{segura_neurotrophin_2015,
	title = {Neurotrophin blood-based gene expression and social cognition analysis in patients with autism spectrum disorder},
	volume = {16},
	issn = {1364-6745, 1364-6753},
	url = {https://link.springer.com/article/10.1007/s10048-014-0434-9},
	doi = {10.1007/s10048-014-0434-9},
	language = {en},
	number = {2},
	urldate = {2019-02-13},
	journal = {neurogenetics},
	author = {Segura, Mònica and Pedreño, Carla and Obiols, Jordi and Taurines, Regina and Pàmias, Montserrat and Grünblatt, Edna and Gella, Alejandro},
	month = apr,
	year = {2015},
	pages = {123--131}
}

@article{sousa_molecular_2017,
	title = {Molecular and {Cellular} {Reorganization} of {Neural} {Circuits} in the {Human} {Lineage}},
	volume = {358},
	issn = {0036-8075},
	url = {https://www.ncbi.nlm.nih.gov/pmc/articles/PMC5776074/},
	doi = {10.1126/science.aan3456},
	number = {6366},
	urldate = {2018-12-12},
	journal = {Science (New York, N.Y.)},
	author = {Sousa, André M. M. and Zhu, Ying and Raghanti, Mary Ann and Kitchen, Robert R. and Onorati, Marco and Tebbenkamp, Andrew T. N. and Stutz, Bernardo and Meyer, Kyle A. and Li, Mingfeng and Kawasawa, Yuka Imamura and Liu, Fuchen and Perez, Raquel Garcia and Mele, Marta and Carvalho, Tiago and Skarica, Mario and Gulden, Forrest O. and Pletikos, Mihovil and Shibata, Akemi and Stephenson, Alexa R. and Edler, Melissa K. and Ely, John J. and Elsworth, John D. and Horvath, Tamas L. and Hof, Patrick R. and Hyde, Thomas M. and Kleinman, Joel E. and Weinberger, Daniel R. and Reimers, Mark and Lifton, Richard P. and Mane, Shrikant M. and Noonan, James P. and State, Matthew W. and Lein, Ed S. and Knowles, James A. and Marques-Bonet, Tomas and Sherwood, Chet C. and Gerstein, Mark B. and Sestan, Nenad},
	month = nov,
	year = {2017},
	pmid = {29170230},
	pmcid = {PMC5776074},
	pages = {1027--1032}
}

@article{steffenburg_twin_1989,
	title = {A {Twin} {Study} of {Autism} in {Denmark}, {Finland}, {Iceland}, {Norway} and {Sweden}},
	volume = {30},
	issn = {1469-7610},
	url = {https://onlinelibrary.wiley.com/doi/abs/10.1111/j.1469-7610.1989.tb00254.x},
	doi = {10.1111/j.1469-7610.1989.tb00254.x},
	language = {en},
	number = {3},
	urldate = {2019-02-13},
	journal = {Journal of Child Psychology and Psychiatry},
	author = {Steffenburg, Suzanne and Gillberg, Christopher and Hellgren, Lars and Andersson, Lena and Gillberg, I. Carina and Jakobsson, Gun and Bohman, Michael},
	year = {1989},
	pages = {405--416}
}

@article{vijayakumar_autism_2016,
	title = {Autism spectrum disorders: {Integration} of the genome, transcriptome and the environment},
	volume = {364},
	issn = {0022-510X},
	shorttitle = {Autism spectrum disorders},
	url = {http://www.sciencedirect.com/science/article/pii/S0022510X16301496},
	doi = {10.1016/j.jns.2016.03.026},
	urldate = {2019-02-13},
	journal = {Journal of the Neurological Sciences},
	author = {Vijayakumar, N. Thushara and Judy, M. V.},
	month = may,
	year = {2016},
	keywords = {Autism, Autism spectrum disorders, Copy number variations, Environment, Epigenetics, Neurodevelopmental disorders},
	pages = {167--176}
}

@article{voineagu_gene_2012,
	series = {Assessment of {Gene} {Expression} in {Neuropsychiatric} {Disease}},
	title = {Gene expression studies in autism: {Moving} from the genome to the transcriptome and beyond},
	volume = {45},
	issn = {0969-9961},
	shorttitle = {Gene expression studies in autism},
	url = {http://www.sciencedirect.com/science/article/pii/S0969996111002531},
	doi = {10.1016/j.nbd.2011.07.017},
	number = {1},
	urldate = {2019-01-17},
	journal = {Neurobiology of Disease},
	author = {Voineagu, Irina},
	month = jan,
	year = {2012},
	keywords = {Autism, Microarray, Transcriptome},
	pages = {69--75}
}

@article{voineagu_transcriptomic_2011,
	title = {Transcriptomic analysis of autistic brain reveals convergent molecular pathology},
	volume = {474},
	copyright = {2011 Nature Publishing Group},
	issn = {1476-4687},
	url = {https://www.nature.com/articles/nature10110},
	doi = {10.1038/nature10110},
	language = {en},
	number = {7351},
	urldate = {2019-01-18},
	journal = {Nature},
	author = {Voineagu, Irina and Wang, Xinchen and Johnston, Patrick and Lowe, Jennifer K. and Tian, Yuan and Horvath, Steve and Mill, Jonathan and Cantor, Rita M. and Blencowe, Benjamin J. and Geschwind, Daniel H.},
	month = jun,
	year = {2011},
	pages = {380--384}
}

@article{wang_common_2009,
author = {Wang, Kai and Zhang, Haitao and Ma, Deqiong and Bucan, Maja and T Glessner, Joseph and S Abrahams, Brett and Salyakina, Daria and Imielinski, Marcin and P Bradfield, Jonathan and M A Sleiman, Patrick and Kim, Cecilia and Hou, Cuiping and Frackelton, Edward and Chiavacci, Rosetta and Takahashi, Nagahide and Sakurai, Takeshi and Rappaport, Eric and Lajonchere, Clara and Munson, Jeffrey and Hakonarson, Hakon},
year = {2009},
month = {05},
pages = {528-33},
title = {Common genetic variants on 5p14.1 associate with autism spectrum disorders},
volume = {459},
journal = {Nature},
doi = {10.1038/nature07999}
}

@article{wang_comprehensive_2018,
	title = {Comprehensive functional genomic resource and integrative model for the human brain},
	volume = {362},
	copyright = {Copyright © 2018 The Authors, some rights reserved; exclusive licensee American Association for the Advancement of Science. No claim to original U.S. Government Works. http://www.sciencemag.org/about/science-licenses-journal-article-reuseThis is an article distributed under the terms of the Science Journals Default License.},
	issn = {0036-8075, 1095-9203},
	url = {http://science.sciencemag.org/content/362/6420/eaat8464},
	doi = {10.1126/science.aat8464},
	language = {en},
	number = {6420},
	urldate = {2019-01-16},
	journal = {Science},
	author = {Wang, Daifeng and Liu, Shuang and Warrell, Jonathan and Won, Hyejung and Shi, Xu and Navarro, Fabio C. P. and Clarke, Declan and Gu, Mengting and Emani, Prashant and Yang, Yucheng T. and Xu, Min and Gandal, Michael J. and Lou, Shaoke and Zhang, Jing and Park, Jonathan J. and Yan, Chengfei and Rhie, Suhn Kyong and Manakongtreecheep, Kasidet and Zhou, Holly and Nathan, Aparna and Peters, Mette and Mattei, Eugenio and Fitzgerald, Dominic and Brunetti, Tonya and Moore, Jill and Jiang, Yan and Girdhar, Kiran and Hoffman, Gabriel E. and Kalayci, Selim and Gümüş, Zeynep H. and Crawford, Gregory E. and Consortium, PsychENCODE and Roussos, Panos and Akbarian, Schahram and Jaffe, Andrew E. and White, Kevin P. and Weng, Zhiping and Sestan, Nenad and Geschwind, Daniel H. and Knowles, James A. and Gerstein, Mark B.},
	month = dec,
	year = {2018},
	pmid = {30545857},
	pages = {eaat8464}
}

@article{weiss_genome-wide_2009,
	title = {A {GENOME}-{WIDE} {LINKAGE} {AND} {ASSOCIATION} {SCAN} {REVEALS} {NOVEL} {LOCI} {FOR} {AUTISM}},
	volume = {461},
	issn = {0028-0836},
	url = {https://www.ncbi.nlm.nih.gov/pmc/articles/PMC2772655/},
	doi = {10.1038/nature08490},
	number = {7265},
	urldate = {2019-02-15},
	journal = {Nature},
	author = {Weiss, Lauren A. and Arking, Dan E.},
	month = oct,
	year = {2009},
	pmid = {19812673},
	pmcid = {PMC2772655},
	pages = {802--808}
}

@article{werling_gene_2016,
	title = {Gene expression in human brain implicates sexually dimorphic pathways in autism spectrum disorders},
	volume = {7},
	issn = {2041-1723},
	url = {https://www.ncbi.nlm.nih.gov/pmc/articles/PMC4762891/},
	doi = {10.1038/ncomms10717},
	urldate = {2019-02-06},
	journal = {Nature Communications},
	author = {Werling, Donna M. and Parikshak, Neelroop N. and Geschwind, Daniel H.},
	month = feb,
	year = {2016},
	pmid = {26892004},
	pmcid = {PMC4762891}
}

@article{yang_positive-unlabeled_2012,
	title = {Positive-unlabeled learning for disease gene identification},
	volume = {28},
	issn = {1367-4803},
	url = {https://www.ncbi.nlm.nih.gov/pmc/articles/PMC3467748/},
	doi = {10.1093/bioinformatics/bts504},
	number = {20},
	urldate = {2019-02-05},
	journal = {Bioinformatics},
	author = {Yang, Peng and Li, Xiao-Li and Mei, Jian-Ping and Kwoh, Chee-Keong and Ng, See-Kiong},
	month = oct,
	year = {2012},
	pmid = {22923290},
	pmcid = {PMC3467748},
	pages = {2640--2647}
}

@article{zhu_spatiotemporal_2018,
	title = {Spatiotemporal transcriptomic divergence across human and macaque brain development},
	volume = {362},
	copyright = {Copyright © 2018 The Authors, some rights reserved; exclusive licensee American Association for the Advancement of Science. No claim to original U.S. Government Works. http://www.sciencemag.org/about/science-licenses-journal-article-reuseThis is an article distributed under the terms of the Science Journals Default License.},
	issn = {0036-8075, 1095-9203},
	url = {http://science.sciencemag.org/content/362/6420/eaat8077},
	doi = {10.1126/science.aat8077},
	language = {en},
	number = {6420},
	urldate = {2019-01-16},
	journal = {Science},
	author = {Zhu, Ying and Sousa, André M. M. and Gao, Tianliuyun and Skarica, Mario and Li, Mingfeng and Santpere, Gabriel and Esteller-Cucala, Paula and Juan, David and Ferrández-Peral, Luis and Gulden, Forrest O. and Yang, Mo and Miller, Daniel J. and Marques-Bonet, Tomas and Kawasawa, Yuka Imamura and Zhao, Hongyu and Sestan, Nenad},
	month = dec,
	year = {2018},
	pmid = {30545855},
	pages = {eaat8077}
}

@article{ziats_aberrant_2013,
	title = {Aberrant {Expression} of {Long} {Noncoding} {RNAs} in {Autistic} {Brain}},
	volume = {49},
	issn = {0895-8696},
	url = {https://www.ncbi.nlm.nih.gov/pmc/articles/PMC3566384/},
	doi = {10.1007/s12031-012-9880-8},
	number = {3},
	urldate = {2019-02-05},
	journal = {Journal of Molecular Neuroscience},
	author = {Ziats, Mark N. and Rennert, Owen M.},
	month = mar,
	year = {2013},
	pmid = {22949041},
	pmcid = {PMC3566384},
	pages = {589--593}
}
